<record xmlns="http://www.loc.gov/MARC21/slim" xmlns:xsi="http://www.w3.org/2001/XMLSchema-instance" xsi:schemaLocation="http://www.loc.gov/MARC21/slim http://www.loc.gov/standards/marcxml/schema/MARC21slim.xsd"><leader>     nam a22        4500</leader><controlfield tag="001">3071393</controlfield><controlfield tag="003">NNC</controlfield><controlfield tag="006">m        d        </controlfield><controlfield tag="007">cr cn |||m|||a</controlfield><controlfield tag="008">150313s1954    ua      o     000 0 ara d</controlfield><datafield ind1=" " ind2=" " tag="040"><subfield code="a">NNU</subfield><subfield code="b">eng</subfield><subfield code="e">rda</subfield><subfield code="c">NNU</subfield></datafield><datafield ind1=" " ind2="4" tag="050"><subfield code="a">PJ7510</subfield><subfield code="b">N33</subfield></datafield><datafield ind1="1" ind2=" " tag="100"><subfield code="a">Nallino, Carlo Alfonso,</subfield><subfield code="d">1872-1938.</subfield></datafield><datafield ind1="1" ind2="0" tag="245"><subfield code="a">Ta&#772;ri&#772;kh al-a&#772;da&#772;b al-&#699;Arabi&#772;yah min al-ja&#772;hili&#772;yah h&#803;atta&#769; &#699;as&#803;r bani&#772; Ammayah,</subfield><subfield code="b">nus&#803;s&#803; al-muh&#803;a&#772;d&#803;ara&#772;t allati&#772; alqa&#772;ha&#772; bi-al-ja&#772;mi&#699;ah al-Mis&#803;ri&#772;yah fi&#772; sanat 1910-1911 Carlo Nallino.</subfield><subfield code="c">I&#699;tanat bi-nashriha&#772; Maryam Nallino. Taqdi&#772;m T&#803;a&#772;ha H&#803;usayn.</subfield></datafield><datafield ind1=" " ind2=" " tag="260"><subfield code="a">Mis&#803;r,</subfield><subfield code="b">Da&#772;r al-Ma&#699;a&#772;rif</subfield><subfield code="c">1954.</subfield></datafield><datafield ind1=" " ind2=" " tag="300"><subfield code="a">online resource (14,291 pages) :</subfield><subfield code="b">table</subfield></datafield><datafield ind1=" " ind2=" " tag="336"><subfield code="a">text</subfield><subfield code="2">rdacontent</subfield></datafield><datafield ind1=" " ind2=" " tag="337"><subfield code="a">computer</subfield><subfield code="2">rdamedia</subfield></datafield><datafield ind1=" " ind2=" " tag="338"><subfield code="a">online resource</subfield><subfield code="2">rdacarrier</subfield></datafield><datafield ind1=" " ind2=" " tag="500"><subfield code="a">Part of the Arabic Collections Online (ACO) project, contributed by Columbia University Libraries.</subfield></datafield><datafield ind1=" " ind2=" " tag="533"><subfield code="a">Electronic reproduction.</subfield><subfield code="b">New York, N.Y. :</subfield><subfield code="c">New York University,</subfield><subfield code="d">2015.</subfield><subfield code="5">NNU</subfield></datafield><datafield ind1=" " ind2="0" tag="650"><subfield code="a">Arabic literature</subfield><subfield code="y">622-750</subfield><subfield code="x">History and criticism.</subfield></datafield><datafield ind1=" " ind2="7" tag="650"><subfield code="a">Arabic literature.</subfield><subfield code="2">fast</subfield><subfield code="0">(OCoLC)fst00812478</subfield></datafield><datafield ind1=" " ind2="7" tag="648"><subfield code="a">622 - 750</subfield><subfield code="2">fast</subfield></datafield><datafield ind1=" " ind2="7" tag="655"><subfield code="a">Criticism, interpretation, etc.</subfield><subfield code="2">fast</subfield><subfield code="0">(OCoLC)fst01411635</subfield></datafield><datafield ind1="2" ind2=" " tag="710"><subfield code="a">Columbia University.</subfield><subfield code="b">Libraries.</subfield></datafield><datafield ind1="0" ind2=" " tag="730"><subfield code="a">Arabic Collections Online.</subfield></datafield><datafield ind1="0" ind2="8" tag="776"><subfield code="i">Print version:</subfield><subfield code="a">Nallino, Carlo Alfonso, 1872-1938.</subfield><subfield code="t">Ta&#772;ri&#772;kh al-a&#772;da&#772;b al-&#699;Arabi&#772;yah min al-ja&#772;hili&#772;yah h&#803;atta&#769; &#699;as&#803;r bani&#772; Ammayah</subfield><subfield code="w">(NNC)3071393</subfield><subfield code="w">(OCoLC)46365656</subfield></datafield><datafield ind1="4" ind2="0" tag="856"><subfield code="u">http://hdl.handle.net/2333.1/sn02v9bz</subfield></datafield><datafield ind1=" " ind2=" " tag="959"><subfield code="a">NNU</subfield><subfield code="b">WEB</subfield><subfield code="c">GENI</subfield><subfield code="t">0</subfield><subfield code="m">Electronic access</subfield><subfield code="s">01</subfield></datafield><datafield ind1=" " ind2=" " tag="999"><subfield code="i">NNC_3071393</subfield><subfield code="o">(OCoLC)ocm46365656 </subfield><subfield code="s">columbia_aco000470</subfield><subfield code="e">(ERROR-880)</subfield></datafield></record>